@inproceedings{yussoff2010development,
  title={Development of a PIC-based wireless sensor node utilizing XBee technology},
  author={Yussoff, YM and Abidin, Husna Zainol and Rahman, Ruhani Ab and Yahaya, Faieza Hanum},
  booktitle={2010 2nd IEEE International Conference on Information Management and Engineering},
  pages={116--120},
  year={2010},
  organization={IEEE}
}